#official citation for Clapeyron.jl
@article{Clapeyron-2022,
    title={Clapeyron.jl: An Extensible, Open-Source Fluid Thermodynamics Toolkit},
    author={Pierre J. Walker, Hon-Wa Yew, and Andr√©s Riedemann},
    journal={Ind. Eng. Chem. Res.},
    volume={XX},
    number={XX},
    pages={XX--XX},
    year={2022},
    publisher={American Chemical Society},
    doi={doi/10.1021/acs.iecr.2c00326},
    url={https://pubs.acs.org/doi/10.1021/acs.iecr.2c00326}
}